<record><leader>01721cam a2200445 i 4500</leader><controlfield tag="001">6811252</controlfield><controlfield tag="003">OCoLC</controlfield><controlfield tag="005">20150120200511.2</controlfield><controlfield tag="008">141016s2015    flua     b    001 0 eng  </controlfield><datafield ind1=" " ind2=" " tag="010"><subfield code="a">  2014039482</subfield></datafield><datafield ind1=" " ind2=" " tag="020"><subfield code="a">9781566706841</subfield><subfield code="q">hardcover</subfield></datafield><datafield ind1=" " ind2=" " tag="020"><subfield code="a">156670684X</subfield><subfield code="q">hardcover</subfield></datafield><datafield ind1=" " ind2=" " tag="035"><subfield code="a">ocn149511805</subfield></datafield><datafield ind1=" " ind2=" " tag="039"><subfield code="a">exclude</subfield></datafield><datafield ind1=" " ind2=" " tag="040"><subfield code="a">DLC</subfield><subfield code="e">rda</subfield><subfield code="b">eng</subfield><subfield code="c">DLC</subfield><subfield code="d">YDX</subfield><subfield code="d">BTCTA</subfield><subfield code="d">BAKER</subfield><subfield code="d">YDXCP</subfield><subfield code="d">BDX</subfield><subfield code="d">OCLCO</subfield><subfield code="d">OCLCF</subfield><subfield code="d">AEU</subfield></datafield><datafield ind1="0" ind2="0" tag="050"><subfield code="a">HD75.6</subfield><subfield code="b">.C6944 2015</subfield></datafield><datafield ind1="0" ind2="0" tag="082"><subfield code="a">333.7</subfield><subfield code="2">23</subfield></datafield><datafield ind1=" " ind2=" " tag="090"><subfield code="a">HD 75.6 C6944 2015</subfield><subfield code="b">AEKC</subfield></datafield><datafield ind1="1" ind2=" " tag="100"><subfield code="a">Costanza, Robert,</subfield><subfield code="e">author.</subfield></datafield><datafield ind1="1" ind2="3" tag="245"><subfield code="a">An introduction to ecological economics /</subfield><subfield code="c">Robert Costanza, John H. Cumberland, Herman Daly, Robert Goodland, Richard B. Norgaard, Ida Kubiszewski, Carol Franco.</subfield></datafield><datafield ind1=" " ind2=" " tag="250"><subfield code="a">Second edition.</subfield></datafield><datafield ind1=" " ind2="1" tag="264"><subfield code="a">Boca Raton, FL :</subfield><subfield code="b">CRC Press,</subfield><subfield code="c">[2015]</subfield></datafield><datafield ind1=" " ind2="4" tag="264"><subfield code="c">&#169;2015.</subfield></datafield><datafield ind1=" " ind2=" " tag="300"><subfield code="a">xviii, 337 pages ;</subfield><subfield code="c">25 cm</subfield></datafield><datafield ind1=" " ind2=" " tag="336"><subfield code="a">text</subfield><subfield code="2">rdacontent</subfield></datafield><datafield ind1=" " ind2=" " tag="337"><subfield code="a">unmediated</subfield><subfield code="2">rdamedia</subfield></datafield><datafield ind1=" " ind2=" " tag="338"><subfield code="a">volume</subfield><subfield code="2">rdacarrier</subfield></datafield><datafield ind1=" " ind2=" " tag="500"><subfield code="a">Revised edition of the authors' An Introduction to ecological economics, published in 1997.</subfield></datafield><datafield ind1=" " ind2=" " tag="504"><subfield code="a">Includes bibliographical references and index.</subfield></datafield><datafield ind1=" " ind2=" " tag="596"><subfield code="a">31</subfield></datafield><datafield ind1=" " ind2="0" tag="650"><subfield code="a">Economic development</subfield><subfield code="x">Environmental aspects.</subfield></datafield><datafield ind1=" " ind2="0" tag="650"><subfield code="a">Environmental economics.</subfield></datafield><datafield ind1="1" ind2=" " tag="700"><subfield code="a">Cumberland, John H.,</subfield><subfield code="e">author.</subfield></datafield><datafield ind1="1" ind2=" " tag="700"><subfield code="a">Daly, Herman E.,</subfield><subfield code="e">author.</subfield></datafield><datafield ind1="1" ind2=" " tag="700"><subfield code="a">Goodland, Robert J. A.,</subfield><subfield code="d">1939-</subfield><subfield code="e">author.</subfield></datafield><datafield ind1="1" ind2=" " tag="700"><subfield code="a">Norgaard, Richard B.,</subfield><subfield code="d">1943-</subfield><subfield code="e">author.</subfield></datafield><datafield ind1="1" ind2=" " tag="700"><subfield code="a">Kubiszewski, Ida,</subfield><subfield code="e">author.</subfield></datafield><datafield ind1="1" ind2=" " tag="700"><subfield code="a">Franco, Carol,</subfield><subfield code="e">author.</subfield></datafield><datafield ind1=" " ind2=" " tag="949"><subfield code="i">31979000574226</subfield><subfield code="h">SKING-RF-B</subfield><subfield code="l">ON_SHELF</subfield></datafield><datafield ind1=" " ind2=" " tag="926"><subfield code="a">HD 75.6 C6944 2015</subfield><subfield code="w">LC</subfield><subfield code="c">1</subfield><subfield code="i">31979000574226</subfield><subfield code="d">3/24/2016</subfield><subfield code="e">3/15/2016</subfield><subfield code="l">ON_SHELF</subfield><subfield code="m">KINGS</subfield><subfield code="n">5</subfield><subfield code="r">Y</subfield><subfield code="s">Y</subfield><subfield code="t">BOOK</subfield><subfield code="u">2/24/2015</subfield></datafield></record>